<record><leader>00000cas a22000007a 4500</leader><controlfield tag="001">15543833</controlfield><controlfield tag="008">870417d18831888msuwr ne      0    0eng d</controlfield><datafield ind1=" " ind2=" " tag="010"><subfield code="a">sn 87065280 </subfield></datafield><datafield ind1=" " ind2=" " tag="040"><subfield code="a">MJA</subfield><subfield code="b">eng</subfield><subfield code="c">MJA</subfield><subfield code="d">MSJ</subfield><subfield code="d">CRL</subfield><subfield code="d">OCLCQ</subfield></datafield><datafield ind1=" " ind2=" " tag="042"><subfield code="a">msc</subfield></datafield><datafield ind1=" " ind2=" " tag="043"><subfield code="a">n-us-ms</subfield></datafield><datafield ind1="0" ind2=" " tag="130"><subfield code="a">State ledger (Jackson, Miss.)</subfield></datafield><datafield ind1="1" ind2="4" tag="245"><subfield code="a">The State ledger.</subfield></datafield><datafield ind1="3" ind2="0" tag="246"><subfield code="a">Daily state ledger</subfield></datafield><datafield ind1=" " ind2=" " tag="260"><subfield code="a">Jackson, Miss. :</subfield><subfield code="b">Robert H. Henry,</subfield><subfield code="c">1883-1888.</subfield></datafield><datafield ind1=" " ind2=" " tag="310"><subfield code="a">Weekly</subfield></datafield><datafield ind1="0" ind2=" " tag="362"><subfield code="a">Vol. 13, no. 6 (Feb. 17, 1883)-Jan. 6, 1888.</subfield></datafield><datafield ind1=" " ind2=" " tag="500"><subfield code="a">Issue for Jan. 6, 1888 published as: Daily state ledger.</subfield></datafield><datafield ind1=" " ind2=" " tag="500"><subfield code="a">"Published daily during sessions of the legislature."</subfield></datafield><datafield ind1=" " ind2=" " tag="515"><subfield code="a">Last issue is not numbered.</subfield></datafield><datafield ind1=" " ind2=" " tag="580"><subfield code="a">Merged with: Clarion (Jackson, Miss. : 1883), to form: Clarion-ledger (Jackson, Miss. : 1888).</subfield></datafield><datafield ind1=" " ind2="4" tag="651"><subfield code="a">Jackson (Miss.)</subfield><subfield code="v">Newspapers.</subfield></datafield><datafield ind1=" " ind2=" " tag="752"><subfield code="a">United States</subfield><subfield code="b">Mississippi</subfield><subfield code="c">Hinds</subfield><subfield code="d">Jackson.</subfield></datafield><datafield ind1="0" ind2="0" tag="780"><subfield code="t">Brookhaven ledger</subfield><subfield code="w">(DLC)sn 86053968</subfield><subfield code="w">(OCoLC)14817687</subfield></datafield><datafield ind1="0" ind2="5" tag="780"><subfield code="t">Comet</subfield><subfield code="w">(OCoLC)12847837</subfield></datafield><datafield ind1="1" ind2="7" tag="785"><subfield code="t">Clarion (Jackson, Miss. : 1883)</subfield><subfield code="w">(DLC)sn 83016925</subfield><subfield code="w">(OCoLC)10205935</subfield></datafield><datafield ind1="1" ind2="7" tag="785"><subfield code="t">Clarion-ledger (Jackson, Miss. : 1888)</subfield><subfield code="w">(DLC)sn 83016927</subfield><subfield code="w">(OCoLC)10210302</subfield></datafield><datafield ind1="1" ind2=" " tag="029"><subfield code="a">AU@</subfield><subfield code="b">000025788246</subfield></datafield></record>